<?xml version="1.0" encoding="UTF-8"?><collection xmlns="http://www.loc.gov/MARC21/slim"><record><leader>00622nam--2200193-i-4500</leader><controlfield tag="001">000015339</controlfield><controlfield tag="002">20161230</controlfield><controlfield tag="005">20161230201031</controlfield><controlfield tag="008">060222s1000------------r-----000-0-eng-d</controlfield><datafield ind1=" " ind2=" " tag="040"><subfield code="a">IFIN-HH</subfield></datafield><datafield ind1=" " ind2=" " tag="080"><subfield code="a">621.385.632.54:621.385.5:061.3</subfield></datafield><datafield ind1="1" ind2=" " tag="100"><subfield code="a">Dima, I./S.A.</subfield></datafield><datafield ind1="1" ind2="0" tag="245"><subfield code="a">Photovoltaic and optoelectronic processes. bucharest july 4-7, 1984</subfield><subfield code="c">I dima, galina popovici (ed.)</subfield></datafield><datafield ind1=" " ind2=" " tag="260"><subfield code="a">Bucharest</subfield><subfield code="b">Central Institute Of Physics</subfield><subfield code="c">1984</subfield></datafield><datafield ind1=" " ind2=" " tag="300"><subfield code="a">192P</subfield></datafield><datafield ind1=" " ind2=" " tag="490"><subfield code="a">Abstracts And Proceedings Series Cip-ap</subfield><subfield code="v">Volume 5</subfield></datafield><datafield ind1=" " ind2=" " tag="700"><subfield code="a">Popovici, Galina</subfield><subfield code="e">Ed</subfield></datafield><datafield ind1=" " ind2=" " tag="852"><subfield code="a">72086</subfield><subfield code="c">537.533.3</subfield></datafield><datafield ind1=" " ind2=" " tag="CAT"><subfield code="a">Sys</subfield><subfield code="c">20110901</subfield><subfield code="h">142526</subfield></datafield></record></collection>